@article{tan:2014_UnconstrainedApproachBlank,
  title = {An Unconstrained Approach to Blank Localization with Allowance Assurance for Machining Complex Parts},
  author = {Tan, Gaoshan and Zhang, Liyan and Liu, Shenglan and Ye, Nan},
  year = {2014},
  month = jul,
  journal = {The International Journal of Advanced Manufacturing Technology},
  volume = {73},
  number = {5},
  pages = {647--658},
  issn = {1433-3015},
  doi = {10.1007/s00170-014-5798-3},
  urldate = {2022-04-27}
}

@inproceedings{ding:2021_CoarsefineOptimizationMethod,
  title = {A {{Coarse-fine Optimization Method}} for {{Blank Localization}} of {{Complex Surfaces}} Based on {{3D Point Clouds}}},
  booktitle = {2021 {{IEEE}} 2nd {{International Conference}} on {{Information Technology}}, {{Big Data}} and {{Artificial Intelligence}} ({{ICIBA}})},
  author = {Ding, Ji and Kang, Xubing and Zhou, Shuaijun and Jia, Yujiao and Tan, Yaxiong and Yan, Xinying},
  year = {2021},
  volume = {2},
  pages = {1099--1105},
  doi = {10.1109/ICIBA52610.2021.9688202}
}

@article{cserteg:2023_Annals,
  title = {Multi-Operation Optimal Blank Localization for near Net Shape Machining},
  author = {Cserteg, Tam{\'a}s and Kov{\'a}cs, Andr{\'a}s and V{\'a}ncza, J{\'o}zsef},
  year = {2023},
  month = jan,
  journal = {CIRP Annals},
  volume = {72},
  number = {1},
  pages = {433--436},
  issn = {0007-8506},
  doi = {10.1016/j.cirp.2023.04.049},
  urldate = {2023-07-17},
  copyright = {All rights reserved}
}

@article{bezanson2017julia,
  title={Julia: A fresh approach to numerical computing},
  author={Bezanson, Jeff and Edelman, Alan and Karpinski, Stefan and Shah, Viral B},
  doi={10.1137/141000671},
  journal={SIAM review},
  volume={59},
  number={1},
  pages={65--98},
  year={2017},
  publisher={SIAM}
}

@article{cserteg:2023_CMS,
  title = {Multi-Operation Blank Localization with Hybrid Point Cloud and Feature-Based Representation},
  author = {Cserteg, Tam{\'a}s and Kov{\'a}cs, Andr{\'a}s and V{\'a}ncza, J{\'o}zsef},
  year = {2023},
  month = jan,
  journal = {Procedia CIRP},
  series = {56th {{CIRP International Conference}} on {{Manufacturing Systems}} 2023},
  volume = {120},
  pages = {756--761},
  issn = {2212-8271},
  doi = {10.1016/j.procir.2023.09.071},
  urldate = {2024-01-22},
  copyright = {All rights reserved}
}

@article{Lubin2023,
    author = {Miles Lubin and Oscar Dowson and Joaquim {Dias Garcia} and Joey Huchette and Beno{\^i}t Legat and Juan Pablo Vielma},
    title = {{JuMP} 1.0: {R}ecent improvements to a modeling language for mathematical optimization},
    journal = {Mathematical Programming Computation},
    year = {2023},
    doi = {10.1007/s12532-023-00239-3}
}

@article{cserteg:2023_DigitalTwinAssisted,
  title = {Digital Twin Assisted Workpiece Referencing for Compensating the Stock Deviation of Casted Parts},
  author = {Cserteg, Tam{\'a}s and Erd{\H o}s, G{\'a}bor and Horv{\'a}th, Gergely and Kov{\'a}cs, Andr{\'a}s},
  year = {2023},
  month = jul,
  journal = {Procedia CIRP},
  series = {16th {{CIRP Conference}} on {{Intelligent Computation}} in {{Manufacturing Engineering}}},
  volume = {118},
  pages = {288--293},
  issn = {2212-8271},
  doi = {10.1016/j.procir.2023.06.050},
  urldate = {2023-10-09},
  copyright = {All rights reserved}
}
